@article{wang2003assessing,
	title={Assessing motivation of contribution in online communities: An empirical investigation of an online travel community},
	author={Wang, Youcheng and Fesenmaier, Daniel R},
	journal={Electronic markets},
	volume={13},
	number={1},
	pages={33--45},
	year={2003},
	publisher={Taylor \& Francis}
}

@inproceedings{warner2012detecting,
	title={Detecting hate speech on the world wide web},
	author={Warner, William and Hirschberg, Julia},
	booktitle={Proceedings of the second workshop on language in social media},
	pages={19--26},
	year={2012},
	organization={Association for Computational Linguistics}
}

@article{danescu2013computational,
	title={A computational approach to politeness with application to social factors},
	author={Danescu-Niculescu-Mizil, Cristian and Sudhof, Moritz and Jurafsky, Dan and Leskovec, Jure and Potts, Christopher},
	journal={arXiv preprint arXiv:1306.6078},
	year={2013}
}

@inproceedings{Gousi13,
	author = {Gousios, Georgios},
	title = {The GHTorrent dataset and tool suite},
	booktitle = {Proceedings of the 10th Working Conference on Mining Software
	Repositories},
	series = {MSR '13},
	year = {2013},
	isbn = {978-1-4673-2936-1},
	location = {San Francisco, CA, USA},
	pages = {233--236},
	numpages = {4},
	url = {http://dl.acm.org/citation.cfm?id=2487085.2487132},
	acmid = {2487132},
	publisher = {IEEE Press},
	address = {Piscataway, NJ, USA},
}

@inproceedings{joachims1998text,
	title={Text categorization with support vector machines: Learning with many relevant features},
	author={Joachims, Thorsten},
	booktitle={European conference on machine learning},
	pages={137--142},
	year={1998},
	organization={Springer}
}

@misc{perspective, title={Perspective}, url={https://perspectiveapi.com/#/home}, journal={Perspective}}

@inproceedings{hutto2014vader,
	title={Vader: A parsimonious rule-based model for sentiment analysis of social media text},
	author={Hutto, Clayton J and Gilbert, Eric},
	booktitle={Eighth international AAAI conference on weblogs and social media},
	year={2014}
}

@article{zhang2018conversations,
	title={Conversations gone awry: Detecting early signs of conversational failure},
	author={Zhang, Justine and Chang, Jonathan P and Danescu-Niculescu-Mizil, Cristian and Dixon, Lucas and Hua, Yiqing and Thain, Nithum and Taraborelli, Dario},
	journal={arXiv preprint arXiv:1805.05345},
	year={2018}
}

@inproceedings{gachechiladze2017anger,
	title={Anger and its direction in collaborative software development},
	author={Gachechiladze, Daviti and Lanubile, Filippo and Novielli, Nicole and Serebrenik, Alexander},
	booktitle={2017 IEEE/ACM 39th International Conference on Software Engineering: New Ideas and Emerging Technologies Results Track (ICSE-NIER)},
	pages={11--14},
	year={2017},
	organization={IEEE}
}

@article{monroe2008fightin,
	title={Fightin'words: Lexical feature selection and evaluation for identifying the content of political conflict},
	author={Monroe, Burt L and Colaresi, Michael P and Quinn, Kevin M},
	journal={Political Analysis},
	volume={16},
	number={4},
	pages={372--403},
	year={2008},
	publisher={Cambridge University Press}
}

@misc{speer2016wordfreq,
	title={wordfreq: v1. 5.1},
	author={Speer, Robert and Chin, Joshua and Lin, Andrew and Nathan, Lance and Jewett, Sara},
	year={2016},
	publisher={DOI}
}

@article{fearn2010double,
	title={Double cross-validation},
	author={Fearn, Tom},
	journal={NIR news},
	volume={21},
	number={5},
	pages={14--15},
	year={2010},
	publisher={SAGE Publications Sage UK: London, England}
}

@inproceedings{bogart2016break,
	title={How to break an API: cost negotiation and community values in three software ecosystems},
	author={Bogart, Christopher and K{\"a}stner, Christian and Herbsleb, James and Thung, Ferdian},
	booktitle={Proceedings of the 2016 24th ACM SIGSOFT International Symposium on Foundations of Software Engineering},
	pages={109--120},
	year={2016},
	organization={ACM}
}

@article{antikainen2010rewarding,
	title={Rewarding in open innovation communities--how to motivate members},
	author={Antikainen, Maria J and Vaataja, Heli K},
	journal={International Journal of Entrepreneurship and Innovation Management},
	volume={11},
	number={4},
	pages={440--456},
	year={2010},
	publisher={Inderscience Publishers}
}

@article{jadin2013personality,
	title={Personality traits and knowledge sharing in online communities},
	author={Jadin, Tanja and Gnambs, Timo and Batinic, Bernad},
	journal={Computers in Human Behavior},
	volume={29},
	number={1},
	pages={210--216},
	year={2013},
	publisher={Elsevier}
}

@inproceedings{burke2008mind,
	title={Mind your Ps and Qs: the impact of politeness and rudeness in online communities},
	author={Burke, Moira and Kraut, Robert},
	booktitle={Proceedings of the 2008 ACM conference on Computer supported cooperative work},
	pages={281--284},
	year={2008},
	organization={ACM}
}

@inproceedings{mohan2017impact,
	title={The impact of toxic language on the health of reddit communities},
	author={Mohan, Shruthi and Guha, Apala and Harris, Michael and Popowich, Fred and Schuster, Ashley and Priebe, Chris},
	booktitle={Canadian Conference on Artificial Intelligence},
	pages={51--56},
	year={2017},
	organization={Springer}
}

@article{o2007emergence,
	title={The emergence of governance in an open source community},
	author={O'mahony, Siobh{\'a}n and Ferraro, Fabrizio},
	journal={Academy of Management Journal},
	volume={50},
	number={5},
	pages={1079--1106},
	year={2007},
	publisher={Academy of Management Briarcliff Manor, NY 10510}
}

@article{raymond1999cathedral,
	title={The cathedral and the bazaar},
	author={Raymond, Eric},
	journal={Knowledge, Technology \& Policy},
	volume={12},
	number={3},
	pages={23--49},
	year={1999},
	publisher={Springer}
}

@book{eghbal2016roads,
	title={Roads and bridges: The unseen labor behind our digital infrastructure},
	author={Eghbal, Nadia},
	year={2016},
	publisher={Ford Foundation}
}

@article{ciesielska2016dilemmas,
	title={Dilemmas within commercial involvement in open source software},
	author={Ciesielska, Malgorzata and Westenholz, Ann},
	journal={Journal of Organizational Change Management},
	volume={29},
	number={3},
	pages={344--360},
	year={2016},
	publisher={Emerald Group Publishing Limited}
}